@book{callister2010materials,
  title={Materials Science and Engineering: An Introduction},
  author={Callister, W.D. and Rethwisch, D.G.},
  isbn={9780470556733},
  lccn={2009023130},
  year={2010},
  publisher={Wiley}
}