@book{diff,
  title={Diffusion in condensed matter: methods, materials, models},
  author={Heitjans, Paul and K{\"a}rger, J{\"o}rg},
  isbn={3-540-20043-6},
  url={https://link.springer.com/book/10.1007/3-540-30970-5},
  year={2006},
  publisher={Springer Science \& Business Media}
}


@Misc{kakusan,
  title = {Diffusion Database (Kakusan)},
  author = 	 {},
  howpublished = {\url{https://diffusion.nims.go.jp/}},
  month = 	 {},
  year = 	 {}
}

@Misc{mygit,
  author = {Cap Morales, Shannon Nazareth},  
  title = {GitHub Repository: Metallic Materials},  
  howpublished = {\url{https://github.com/ShannonNCM/Metallic_materials/tree/main/Report1}},  
  year = {2025}, 
  note = {Source code for data processing and visualization}  
}